@Manual{FIPS:180-1,
  author =       {{FIPS 180-1}},
  title =        {Secure Hash Standard},
  organization = {U.S. Department of Commerce/{N.I.S.T.}, National Technical Information Service},
  address =      {Springfield, VA},
  month =        Apr,
  year =         1995
}

@inproceedings{ coral:nsdi04,
    title = "Democratizing content publication with {Coral}",
    author = "Michael J. Freedman and Eric Freudenthal and David Mazi{\`e}res",
    booktitle = "Proc.\ 1st Symposium on Networked Systems Design and Implementation ({NSDI})",
    address = "San Francisco, CA",
    month = Mar,
    year = 2004
}

%%%%%%%%%%%%%%%%%%%%%%%%%%%%%%%%%%%%%%%%%%%%%%
%% Our stuff %%%%%%%%%%%%%%%%%%%%%%%%%%%%%%%%%
%%%%%%%%%%%%%%%%%%%%%%%%%%%%%%%%%%%%%%%%%%%%%%

@inproceedings{Yang:1997,
  title={Algorithms for Materialized View Design in Data Warehousing Environment},
  author={Yang, Jian and Karlapalem, Kamalakar and Li, Qing },
  booktitle={VLDB},
  year={1997}
}

@inproceedings{Agrawal:2000,
  title={Automated Selection of Materialized Views and Indexes in SQL Databases.},
  author={Agrawal, Sanjay and Chaudhuri, Surajit and Narasayya, Vivek R},
  booktitle={VLDB},
  year={2000}
}

@article{Jiang:2012,
author = {Jiang, J and Sekar, V and Zhang, H},
title = {{Improving Fairness, Efficiency, and Stability in HTTP-based Adaptive Video Streaming with FESTIVE}},
journal = {CoNEXT '12: Proceedings of the 8th international conference on Emerging networking experiments and technologies, 2012},
year = {2012}
}

@inproceedings{Phan:2008,
 author = {Phan, Thomas and Li, Wen-Syan},
 title = {Load Distribution of Analytical Query Workloads for Database Cluster Architectures},
 booktitle = {Proceedings of the 11th International Conference on Extending Database Technology: Advances in Database Technology},
 series = {EDBT '08},
 location = {Nantes, France},
 publisher = {ACM}
} 

@inproceedings{Liu:2011a,
author = {Liu, Chenghao and Bouazizi, Imed and Gabbouj, Moncef},
title = {{Rate adaptation for adaptive HTTP streaming}},
booktitle = {MMSys '11: Proceedings of the second annual ACM conference on Multimedia systems},
year = {2011},
publisher = { ACM  Request Permissions},
month = feb
}

@inproceedings{Liu:2011b,
author = {Liu, Chenghao and Bouazizi, I and Gabbouj, M Computer Communications and Networks ICCCN 2011 Proceedings of 20th International Conference on},
title = {{Parallel Adaptive HTTP Media Streaming}},
booktitle = {Computer Communications and Networks (ICCCN), 2011 Proceedings of 20th International Conference on},
year = {2011}
}

@article{Gouache:2011,
author = {Gouache, S and Bichot, G and Bsila, A and Howson, C},
title = {{Distributed {\&} adaptive HTTP streaming}},
journal = {Multimedia and Expo (ICME), 2011 IEEE International Conference on},
year = {2011},
pages = {1--6}
}

@article{Jammeh:2006,
author = {Jammeh, E and Fleury, M and Ghanbari, M},
title = {{Non-packet-loss-based rate adaptive video over the internet}},
journal = {Electronics Letters},
year = {2006},
volume = {42},
number = {8},
pages = {492--494}
}

@inproceedings{Stockhammer:2011wk,
author = {Stockhammer, T},
title = {{Dynamic adaptive streaming over HTTP--: standards and design principles}},
booktitle = {MMSys '11: Proceedings of the second annual ACM conference on Multimedia systems},
year = {2011},
pages = {133--144},
publisher = {ACM}
}

@article{Sommers:2004,
 author = {Sommers, Joel and Kim, Hyungsuk and Barford, Paul},
 title = {Harpoon: a flow-level traffic generator for router and network tests},
 journal = {SIGMETRICS Perform. Eval. Rev.},
 issue_date = {June 2004},
 volume = {32},
 number = {1},
 month = jun,
 year = {2004},
 issn = {0163-5999},
 pages = {392--392},
 numpages = {1},
 url = {http://doi.acm.org/10.1145/1012888.1005733},
 doi = {10.1145/1012888.1005733},
 acmid = {1005733},
 publisher = {ACM},
 address = {New York, NY, USA},
 keywords = {network flows, traffic generation},
} 

@InProceedings{White:2002,
        Author = {Brian White and Jay Lepreau and Leigh Stoller and
                  Robert Ricci and Shashi Guruprasad and Mac Newbold and
                  Mike Hibler and Chad Barb and Abhijeet Joglekar},
        Title={An Integrated Experimental Environment
                 for Distributed Systems and Networks},
        booktitle = OSDI02,
    organization = USENIXASSOC,
        address = {Boston, MA},
        month  = dec,
        year   = 2002,
	pages  = "255--270"
}

@misc{web:emulab,
    title= {{Emulab}},
    howpublished = {\url{http://www.emulab.net/}},
}

@misc{web:githublink,
  title = {{Github: COS-518-Project}},
  howpublished = {\url{http://goo.gl/4AEfxQ}}
}

@misc{web:tpch,
  title = {{TPC-H}},
  howpublished = {\url{http://www.tpc.org/tpch/}}
}

@misc{web:sqlfire,
    title = {{vFabric SQLFire}},
    howpublished={\url{http://goo.gl/uITbyv}}
}

@misc{web:paritioning,
    title = {{vFabric SQLFire 1.0 Documentation: Partitioning Tables}},
    howpublished={\url{http://goo.gl/z4xh7u}}
}

@misc{web:replication,
    title = {{vFabric SQLFire 1.0 Documentation: Replicating Tables}},
    howpublished={\url{http://goo.gl/gBYCCD}}
}
