@inproceedings{agrawal2000automated,
  title={Automated Selection of Materialized Views and Indexes in SQL Databases.},
  author={Agrawal, Sanjay and Chaudhuri, Surajit and Narasayya, Vivek R},
  booktitle={VLDB},
  volume={2000},
  pages={496--505},
  year={2000}
}